@article{Ren2013,
  author={Jin, Fulai and Li, Yan and Dixon, Jesse R and Selvaraj, Siddarth and Ye, Zhen and Lee, Ah Young and Yen, Chia-An and Schmitt, Anthony D and Espinoza, Celso A and Ren, Bing},
  title={A high-resolution map of the three-dimensional chromatin interactome in human cells},
  volume={503},
  number={7475},
  journal={Nature},
  year={2013},
  pages={290--294}
}

@article{Dekker2012,
  author={Belton, Jon-Matthew and McCord, Rachel Patton and Gibcus, Johan Harmen and Naumova, Natalia and Zhan, Ye and Dekker, Job},
  title={Hi--C: A comprehensive technique to capture the conformation of genomes},
  volume={58},
  number={3},
  journal={Methods},
  year={2012},
  pages={268--276}
}

@article{Imakaev2012,
  author={Imakaev, Maxim and Fudenberg, Geoffrey and McCord, Rachel Patton and Naumova, Natalia and Goloborodko, Anton and Lajoie, Bryan R and Dekker, Job and Mirny, Leonid A},
  title={Iterative correction of Hi-C data reveals hallmarks of chromosome organization},
  volume={9},
  number={10},
  journal={Nature methods},
  year={2012},
  pages={999--1003}
}

@article{Langmead2012,
  author={Langmead, Ben and Salzberg, Steven L},
  title={Fast gapped-read alignment with Bowtie 2},
  volume={9},
  number={4},
  journal={Nature methods},
  year={2012},
  pages={357--359}
}

@online{hdf5,
  author = {{The HDF Group}},
  title = "{Hierarchical Data Format, version 5}",
  year = {1997-NNNN},
  note = {http://www.hdfgroup.org/HDF5/}
}
